@inproceedings{sun2011pathsim,
  title={PathSim: Meta path-based top-k similarity search in heterogeneous information networks},
  author={Sun, Yizhou and Han, Jiawei and Yan, Xifeng and Yu, Philip S and Wu, Tianyi},
  booktitle={Proceedings of the VLDB Endowment 4 (11)},
  pages={992--1003},
  year={2011},
  organization={VLDB Endowment}
}

@inproceedings{Sun:2012:HRP:2124295.2124373,
 author = {Sun, Yizhou and Han, Jiawei and Aggarwal, Charu C. and Chawla, Nitesh V.},
 title = {When Will It Happen?: Relationship Prediction in Heterogeneous Information Networks},
 booktitle = {Proceedings of the Fifth ACM International Conference on Web Search and Data Mining},
 series = {WSDM '12},
 year = {2012},
 isbn = {978-1-4503-0747-5},
 location = {Seattle, Washington, USA},
 pages = {663--672},
 numpages = {10},
 acmid = {2124373},
 publisher = {ACM},
 address = {New York, NY, USA},
 keywords = {heterogeneous information networks, relationship prediction},
} 
	
@article{shi2014hetesim,
  title={HeteSim: A General Framework for Relevance Measure in Heterogeneous Networks.},
  author={Shi, Chuan and Kong, Xiangnan and Huang, Yue and Philip, S Yu and Wu, Bin},
  journal={IEEE Trans. Knowl. Data Eng.},
  volume={26},
  number={10},
  pages={2479--2492},
  year={2014}
}

@inproceedings{huang2016meta,
  title={Meta Structure: Computing Relevance in Large Heterogeneous Information Networks},
  author={Huang, Zhipeng and Zheng, Yudian and Cheng, Reynold and Sun, Yizhou and Mamoulis, Nikos and Li, Xiang},
  booktitle={KDD'16},
  year={2016}
}

@article{wang2016relsim,
  title={RelSim: Relation Similarity Search in Schema-Rich Heterogeneous Information Networks},
  author={Wang, Chenguang and Sun, Yizhou and Song, Yanglei and Han, Jiawei and Song, Yangqiu and Wang, Lidan and Zhang, Ming},
  year={2016}
}

@article{sun2013pathselclus,
  title={PathSelClus: Integrating Meta-Path Selection with User-Guided Object Clustering in Heterogeneous Information Networks},
  author={Sun, Yizhou and Norick, Brandon and Han, Jiawei and Yan, Xifeng and Yu, Philip S and Yu, Xiao},
  journal={ACM Transactions on Knowledge Discovery from Data (TKDD)},
  volume={7},
  number={3},
  pages={11},
  year={2013},
  publisher={ACM}
}

@inproceedings{sun2011ASONAM,
 author = {Sun, Yizhou and Barber, Rick and Gupta, Manish and Aggarwal, Charu C. and Han, Jiawei},
 title = {Co-author Relationship Prediction in Heterogeneous Bibliographic Networks},
 booktitle = {Proceedings of the 2011 International Conference on Advances in Social Networks Analysis and Mining},
 series = {ASONAM '11},
 year = {2011},
 pages = {121--128},
 publisher = {IEEE Computer Society},
} 

@INPROCEEDINGS{Yang2012, 
author={Y. Yang and N. Chawla and Y. Sun and J. Hani}, 
booktitle={2012 IEEE 12th International Conference on Data Mining}, 
title={Predicting Links in Multi-relational and Heterogeneous Networks}, 
year={2012}, 
pages={755-764}, 
ISSN={1550-4786}, 
month={Dec},}

@article{liben2007link,
  title={The link-prediction problem for social networks},
  author={Liben-Nowell, David and Kleinberg, Jon},
  journal={Journal of the American society for information science and technology},
  volume={58},
  number={7},
  pages={1019--1031},
  year={2007},
  publisher={Wiley Online Library}
}


@ARTICLE{Zhu2016, 
author={L. Zhu and D. Guo and J. Yin and G. V. Steeg and A. Galstyan}, 
journal={IEEE Transactions on Knowledge and Data Engineering (TKDE)}, 
title={Scalable Temporal Latent Space Inference for Link Prediction in Dynamic Social Networks}, 
year={2016}, 
volume={28}, 
number={10}, 
pages={2765-2777}, 
ISSN={1041-4347}, 
url={https://github.com/linhongseba/Temporal-Network-Embedding}
}

@article{zhang2014inferring,
  title={Inferring continuous dynamic social influence and personal preference for temporal behavior prediction},
  author={Zhang, Jun and Wang, Chaokun and Wang, Jianmin and Yu, Jeffrey Xu},
  journal={Proceedings of the VLDB Endowment},
  volume={8},
  number={3},
  pages={269--280},
  year={2014},
  publisher={VLDB Endowment}
}

@article{sarkar2005dynamic,
  title={Dynamic social network analysis using latent space models},
  author={Sarkar, Purnamrita and Moore, Andrew W},
  journal={ACM SIGKDD Explorations Newsletter},
  volume={7},
  number={2},
  pages={31--40},
  year={2005}
}

   @inproceedings{Cantador:RecSys2011,
      author = {Cantador, Iv\'{a}n and Brusilovsky, Peter and Kuflik, Tsvi},
      title = {2nd Workshop on Information Heterogeneity and Fusion in Recommender Systems (HetRec 2011)},
      booktitle = {Proceedings of the 5th ACM conference on Recommender systems},
      series = {RecSys 2011},
      year = {2011},
      location = {Chicago, IL, USA},
      publisher = {ACM},
      address = {New York, NY, USA},
      url={http://www.grouplens.org}
   } 

@inproceedings{ou2016asymmetric,
  title={Asymmetric transitivity preserving graph embedding},
  author={Ou, Mingdong and Cui, Peng and Pei, Jian and Zhang, Ziwei and Zhu, Wenwu},
  booktitle={Proceedings of the 22nd ACM SIGKDD international conference on Knowledge discovery and data mining},
  pages={1105--1114},
  year={2016},
  organization={ACM}
}


@article{fan2008liblinear,
  title={LIBLINEAR: A library for large linear classification},
  author={Fan, Rong-En and Chang, Kai-Wei and Hsieh, Cho-Jui and Wang, Xiang-Rui and Lin, Chih-Jen},
  journal={Journal of machine learning research},
  volume={9},
  number={Aug},
  pages={1871--1874},
  url={https://github.com/cjlin1/liblinear},
  year={2008}
}

@article{amin:wwwj,
title={Neighborhood randomization for link privacy in social network analysis},
author={Milani Fard, Amin and Wang, Ke},
journal={World Wide Web},
volume={18},
number={1},
pages={9--32},
year={2015},
publisher={Springer US}
}

@inproceedings{davis2006relationship,
  title={The relationship between Precision-Recall and ROC curves},
  author={Davis, Jesse and Goadrich, Mark},
  booktitle={Proceedings of the 23rd international conference on Machine learning},
  pages={233--240},
  year={2006},
  organization={ACM}
}

@article{shi2017survey,
  title={A survey of heterogeneous information network analysis},
  author={Shi, Chuan and Li, Yitong and Zhang, Jiawei and Sun, Yizhou and Philip, S Yu},
  journal={IEEE Transactions on Knowledge and Data Engineering},
  volume={29},
  number={1},
  pages={17--37},
  year={2017},
  publisher={IEEE}
}

@article{denny2012mining,
  title={Mining electronic health records in the genomics era},
  author={Denny, Joshua C},
  journal={PLoS computational biology},
  volume={8},
  number={12},
  pages={e1002823},
  year={2012},
  publisher={Public Library of Science}
}

@inproceedings{wang2015incorporating,
  title={Incorporating world knowledge to document clustering via heterogeneous information networks},
  author={Wang, Chenguang and Song, Yangqiu and El-Kishky, Ahmed and Roth, Dan and Zhang, Ming and Han, Jiawei},
  booktitle={Proceedings of the 21th ACM SIGKDD International Conference on Knowledge Discovery and Data Mining},
  pages={1215--1224},
  year={2015},
  organization={ACM}
}

@inproceedings{Sarkar:2012,
 author = {Sarkar, Purnamrita and Chakrabarti, Deepayan and Jordan, Michael I.},
 title = {Nonparametric Link Prediction in Dynamic Networks},
 booktitle = {Proceedings of the 29th International Conference on Machine Learning},
 series = {ICML'12},
 year = {2012},
 isbn = {978-1-4503-1285-1},
 pages = {1897--1904},
 publisher = {Omnipress},
 address = {USA},
} 

@article{sun2013pathselclus,
  title={Pathselclus: Integrating meta-path selection with user-guided object clustering in heterogeneous information networks},
  author={Sun, Yizhou and Norick, Brandon and Han, Jiawei and Yan, Xifeng and Yu, Philip S and Yu, Xiao},
  journal={ACM Transactions on Knowledge Discovery from Data (TKDD)},
  volume={7},
  number={3},
  pages={11},
  year={2013},
  publisher={ACM}
}

@inproceedings{Chi:2007,
 author = {Chi, Yun and Song, Xiaodan and Zhou, Dengyong and Hino, Koji and Tseng, Belle L.},
 title = {Evolutionary Spectral Clustering by Incorporating Temporal Smoothness},
 booktitle = {Proceedings of the 13th ACM SIGKDD International Conference on Knowledge Discovery and Data Mining},
 series = {KDD '07},
 year = {2007},
 isbn = {978-1-59593-609-7},
 location = {San Jose, California, USA},
 pages = {153--162},
 numpages = {10},
 acmid = {1281212},
 publisher = {ACM},
 address = {New York, NY, USA},
 keywords = {evolutionary spectral clustering, mining data streams, preserving cluster membership, temporal smoothness, treserving cluster quality},
} 


@inproceedings{menon2011link,
  title={Link prediction via matrix factorization},
  author={Menon, Aditya Krishna and Elkan, Charles},
  booktitle={Joint european conference on machine learning and knowledge discovery in databases},
  pages={437--452},
  year={2011},
  organization={Springer}
}

@inproceedings{wang2016text,
  title={Text Classification with Heterogeneous Information Network Kernels.},
  author={Wang, Chenguang and Song, Yangqiu and Li, Haoran and Zhang, Ming and Han, Jiawei},
  booktitle={AAAI},
  pages={2130--2136},
  year={2016}
}

@inproceedings{gu2018rare,
  title={RaRE: Social Rank Regulated Large-scale Network Embedding},
  author={Gu, Yupeng and Sun, Yizhou and Li, Yanen and Yang, Yang},
  booktitle={Proceedings of the 2018 World Wide Web Conference on World Wide Web},
  pages={359--368},
  year={2018},
  organization={International World Wide Web Conferences Steering Committee}
}

@incollection{fire2013links,
  title={Links reconstruction attack},
  author={Fire, Michael and Katz, Gilad and Rokach, Lior and Elovici, Yuval},
  booktitle={Security and Privacy in Social Networks},
  pages={181--196},
  year={2013},
  publisher={Springer}
}

@article{lu2012recommender,
  title={Recommender systems},
  author={L{\"u}, Linyuan and Medo, Mat{\'u}{\v{s}} and Yeung, Chi Ho and Zhang, Yi-Cheng and Zhang, Zi-Ke and Zhou, Tao},
  journal={Physics Reports},
  volume={519},
  number={1},
  pages={1--49},
  year={2012},
  publisher={Elsevier}
}

@inproceedings{chen2005link,
  title={Link prediction approach to collaborative filtering},
  author={Chen, Hsinchun and Li, Xin and Huang, Zan},
  booktitle={Digital Libraries, 2005. JCDL'05. Proceedings of the 5th ACM/IEEE-CS Joint Conference on},
  pages={141--142},
  year={2005},
  organization={IEEE}
}

@article{li2013recommendation,
  title={Recommendation as link prediction in bipartite graphs: A graph kernel-based machine learning approach},
  author={Li, Xin and Chen, Hsinchun},
  journal={Decision Support Systems},
  volume={54},
  number={2},
  pages={880--890},
  year={2013},
  publisher={Elsevier}
}

@incollection{guy2015social,
  title={Social recommender systems},
  author={Guy, Ido},
  booktitle={Recommender Systems Handbook},
  pages={511--543},
  year={2015},
  publisher={Springer}
}

@inproceedings{song2009scalable,
  title={Scalable proximity estimation and link prediction in online social networks},
  author={Song, Han Hee and Cho, Tae Won and Dave, Vacha and Zhang, Yin and Qiu, Lili},
  booktitle={Proceedings of the 9th ACM SIGCOMM conference on Internet measurement},
  pages={322--335},
  year={2009},
  organization={ACM}
}

@article{guimera2009missing,
  title={Missing and spurious interactions and the reconstruction of complex networks},
  author={Guimer{\`a}, Roger and Sales-Pardo, Marta},
  journal={Proceedings of the National Academy of Sciences},
  volume={106},
  number={52},
  pages={22073--22078},
  year={2009},
  publisher={National Acad Sciences}
}

@article{lei2012novel,
  title={A novel link prediction algorithm for reconstructing protein--protein interaction networks by topological similarity},
  author={Lei, Chengwei and Ruan, Jianhua},
  journal={Bioinformatics},
  volume={29},
  number={3},
  pages={355--364},
  year={2012},
  publisher={Oxford University Press}
}

@inproceedings{gallagher2008using,
  title={Using ghost edges for classification in sparsely labeled networks},
  author={Gallagher, Brian and Tong, Hanghang and Eliassi-Rad, Tina and Faloutsos, Christos},
  booktitle={Proceedings of the 14th ACM SIGKDD international conference on Knowledge discovery and data mining},
  pages={256--264},
  year={2008},
  organization={ACM}
}

@article{katz1953new,
  title={A new status index derived from sociometric analysis},
  author={Katz, Leo},
  journal={Psychometrika},
  volume={18},
  number={1},
  pages={39--43},
  year={1953},
  publisher={Springer}
}

@article{newman2001clustering,
  title={Clustering and preferential attachment in growing networks},
  author={Newman, Mark EJ},
  journal={Physical review E},
  volume={64},
  number={2},
  pages={025102},
  year={2001},
  publisher={APS}
}

@incollection{zheleva2008preserving,
  title={Preserving the privacy of sensitive relationships in graph data},
  author={Zheleva, Elena and Getoor, Lise},
  booktitle={Privacy, security, and trust in KDD},
  pages={153--171},
  year={2008},
  publisher={Springer}
}

@inproceedings{ying2008randomizing,
  title={Randomizing social networks: a spectrum preserving approach},
  author={Ying, Xiaowei and Wu, Xintao},
  booktitle={proceedings of the 2008 SIAM International Conference on Data Mining},
  pages={739--750},
  year={2008},
  organization={SIAM}
}

@article{hay2008resisting,
  title={Resisting structural re-identification in anonymized social networks},
  author={Hay, Michael and Miklau, Gerome and Jensen, David and Towsley, Don and Weis, Philipp},
  journal={Proceedings of the VLDB Endowment},
  volume={1},
  number={1},
  pages={102--114},
  year={2008},
  publisher={VLDB Endowment}
}

@inproceedings{cheng2010k,
  title={K-isomorphism: privacy preserving network publication against structural attacks},
  author={Cheng, James and Fu, Ada Wai-chee and Liu, Jia},
  booktitle={Proceedings of the 2010 ACM SIGMOD International Conference on Management of data},
  pages={459--470},
  year={2010},
  organization={ACM}
}

@inproceedings{tai2011privacy,
  title={Privacy-preserving social network publication against friendship attacks},
  author={Tai, Chih-Hua and Yu, Philip S and Yang, De-Nian and Chen, Ming-Syan},
  booktitle={Proceedings of the 17th ACM SIGKDD international conference on Knowledge discovery and data mining},
  pages={1262--1270},
  year={2011},
  organization={ACM}
}

@inproceedings{mittalNDSS13,
  author    = {Prateek Mittal and Charalampos Papamanthou and Dawn Xiaodong Song},
  title     = {Preserving Link Privacy in Social Network Based Systems},
  booktitle = {20th Annual Network and Distributed System Security Symposium, {NDSS}},
  year      = {2013},
}


@inproceedings{ying2009link,
  title={On link privacy in randomizing social networks},
  author={Ying, Xiaowei and Wu, Xintao},
  booktitle={Pacific-Asia Conference on Knowledge Discovery and Data Mining},
  pages={28--39},
  year={2009},
  organization={Springer}
}

@article{mcnemar1947note,
  title={Note on the sampling error of the difference between correlated proportions or percentages},
  author={McNemar, Quinn},
  journal={Psychometrika},
  volume={12},
  number={2},
  pages={153--157},
  year={1947},
  publisher={Springer}
}

@article{dietterich1998approximate,
  title={Approximate statistical tests for comparing supervised classification learning algorithms},
  author={Dietterich, Thomas G},
  journal={Neural computation},
  volume={10},
  number={7},
  pages={1895--1923},
  year={1998},
  publisher={MIT Press}
}

@article{koren2009matrix,
  title={Matrix factorization techniques for recommender systems},
  author={Koren, Yehuda and Bell, Robert and Volinsky, Chris},
  journal={Computer},
  number={8},
  pages={30--37},
  year={2009},
  publisher={IEEE}
}

@INPROCEEDINGS{Tang:08KDD,
    AUTHOR = "Jie Tang and Jing Zhang and Limin Yao and Juanzi Li and Li Zhang and Zhong Su",
    TITLE = "ArnetMiner: Extraction and Mining of Academic Social Networks",
    pages = "990-998",
    YEAR = {2008},
    BOOKTITLE = "KDD'08",
    URL={https://aminer.org/citation}
}

@inproceedings{wang2007local,
  title={Local probabilistic models for link prediction},
  author={Wang, Chao and Satuluri, Venu and Parthasarathy, Srinivasan},
  booktitle={icdm},
  pages={322--331},
  year={2007},
  organization={IEEE}
}

@inproceedings{lichtenwalter2010new,
  title={New perspectives and methods in link prediction},
  author={Lichtenwalter, Ryan N and Lussier, Jake T and Chawla, Nitesh V},
  booktitle={Proceedings of the 16th ACM SIGKDD international conference on Knowledge discovery and data mining},
  pages={243--252},
  year={2010},
  organization={ACM}
}

@inproceedings{leroy2010cold,
  title={Cold start link prediction},
  author={Leroy, Vincent and Cambazoglu, B Barla and Bonchi, Francesco},
  booktitle={Proceedings of the 16th ACM SIGKDD international conference on Knowledge discovery and data mining},
  pages={393--402},
  year={2010},
  organization={ACM}
}

@inproceedings{al2006link,
  title={Link prediction using supervised learning},
  author={Al Hasan, Mohammad and Chaoji, Vineet and Salem, Saeed and Zaki, Mohammed},
  booktitle={SDM06: workshop on link analysis, counter-terrorism and security},
  year={2006}
}